

@article{wang2015,
title = "Target-guided algorithms for the container pre-marshalling problem ",
journal = "Omega ",
volume = "53",
number = "",
pages = "67-77",
year = "2015",
note = "",
issn = "0305-0483",
doi = "10.1016/j.omega.2014.12.002",
url = "http://www.sciencedirect.com/science/article/pii/S0305048314001571",
author = "Ning Wang and Bo Jin and Andrew Lim",
}





@article{exp2012,
title = "Pre-Marshalling Problem: Heuristic solution method and instances generator ",
journal = "Expert Systems with Applications ",
volume = "39",
number = "9",
pages = "8337-8349",
year = "2012",
note = "",
issn = "0957-4174",
doi = "10.1016/j.eswa.2012.01.187",
url = "http://www.sciencedirect.com/science/article/pii/S0957417412002151",
author = "Christopher Exp\'osito-Izquierdo and Bel\'en Meli\'an-Batista and Marcos Moreno-Vega",
}


@article{lee2007,
title = "An optimization model for the container pre-marshalling problem ",
journal = "Computers \& Operations Research ",
volume = "34",
number = "11",
pages = "3295-3313",
year = "2007",
note = "",
issn = "0305-0548",
doi = "10.1016/j.cor.2005.12.006",
url = "http://www.sciencedirect.com/science/article/pii/S030505480500403X",
author = "Yusin Lee and Nai-Yun Hsu",
}

@article{lee2009,
title = "A neighborhood search heuristic for pre-marshalling export containers ",
journal = "European Journal of Operational Research ",
volume = "196",
number = "2",
pages = "468-475",
year = "2009",
note = "",
issn = "0377-2217",
doi = "10.1016/j.ejor.2008.03.011",
url = "http://www.sciencedirect.com/science/article/pii/S0377221708002865",
author = "Yusin Lee and Shih-Liang Chao",
}



@article{cas2011,
year={2011},
issn={0171-6468},
journal={OR Spectrum},
volume={33},
number={4},
doi={10.1007/s00291-009-0176-5},
title={Applying the corridor method to a blocks relocation problem},
url={http://link.springer.com/article/10.1007/s00291-009-0176-5},
publisher={Springer-Verlag},
author={Caserta, Marco and Vo{\ss}, Stefan and Sniedovich, Moshe},
pages={915-929},
language={English}
}

@incollection{cas2009,
year={2009},
isbn={978-3-642-01128-3},
booktitle={Applications of Evolutionary Computing},
volume={5484},
series={Lecture Notes in Computer Science},
editor={Giacobini, Mario and Brabazon, Anthony and Cagnoni, Stefano and Di Caro, Gianni A. and Ek\'art, Anik\'o and Esparcia-Alc\'azar, Anna Isabel and Farooq, Muddassar and Fink, Andreas and Machado, Penousal},
doi={10.1007/978-3-642-01129-0_89},
title={A Corridor Method-Based Algorithm for the Pre-marshalling Problem},
url={http://link.springer.com/chapter/10.1007/978-3-642-01129-0_89},
publisher={Springer Berlin Heidelberg},
author={Caserta, Marco and Vo{\ss}, Stefan},
pages={788-797},
language={English}
}



@article{bort2012,
title = "A tree search procedure for the container pre-marshalling problem ",
journal = "European Journal of Operational Research ",
volume = "217",
number = "3",
pages = "531-540",
year = "2012",
note = "",
issn = "0377-2217",
doi = "10.1016/j.ejor.2011.10.005",
url = "http://www.sciencedirect.com/science/article/pii/S0377221711009040",
author = "Andreas Bortfeldt and Florian Forster",
}


@incollection{kim2015,
year={2015},
isbn={978-3-319-11890-1},
booktitle={Handbook of Ocean Container Transport Logistics},
volume={220},
series={International Series in Operations Research \& Management Science},
editor={Lee, Chung-Yee and Meng, Qiang},
doi={10.1007/978-3-319-11891-8_2},
title={Container Terminal Operation: Current Trends and Future Challenges},
url={http://link.springer.com/chapter/10.1007/978-3-319-11891-8_2},
publisher={Springer International Publishing},
author={Kim, Kap Hwan and Lee, Hoon},
pages={43-73},
language={English}
}

@article{carlo2014,
title = "Storage yard operations in container terminals: Literature overview, trends, and research directions ",
journal = "European Journal of Operational Research ",
volume = "235",
number = "2",
pages = "412-430",
year = "2014",
issn = "0377-2217",
doi = "10.1016/j.ejor.2013.10.054",
url = "http://www.sciencedirect.com/science/article/pii/S0377221713008771",
author = "H\'ector J. Carlo and Iris F. A. Vis and Kees Jan Roodbergen",
}

@article{lehnfeld2014,
title = "Loading, unloading and premarshalling of stacks in storage areas: Survey and classification ",
journal = "European Journal of Operational Research ",
volume = "239",
number = "2",
pages = "297-312",
year = "2014",
note = "",
issn = "0377-2217",
doi = "10.1016/j.ejor.2014.03.011",
url = "http://www.sciencedirect.com/science/article/pii/S0377221714002252",
author = "Jana Lehnfeld and Sigrid Knust",
}



@article{forster2012,
title = "A tree search procedure for the container relocation problem ",
journal = "Computers \& Operations Research ",
volume = "39",
number = "2",
pages = "299-309",
year = "2012",
note = "",
issn = "0305-0548",
doi = "10.1016/j.cor.2011.04.004",
url = "http://www.sciencedirect.com/science/article/pii/S0305054811001055",
author = "Florian Forster and Andreas Bortfeldt",
}

@incollection{jin2013,
year={2013},
isbn={978-3-642-38576-6},
booktitle={Recent Trends in Applied Artificial Intelligence},
volume={7906},
series={Lecture Notes in Computer Science},
editor={Ali, Moonis and Bosse, Tibor and Hindriks, Koen V. and Hoogendoorn, Mark and Jonker, Catholijn M. and Treur, Jan},
doi={10.1007/978-3-642-38577-3_19},
title={A Greedy Look-Ahead Heuristic for the Container Relocation Problem},
url={http://link.springer.com/chapter/10.1007/978-3-642-38577-3_19},
publisher={Springer Berlin Heidelberg},
author={Jin, Bo and Lim, Andrew and Zhu, Wenbin},
pages={181-190},
language={English}
}


@article{jin2015,
title = "Solving the container relocation problem by an improved greedy look-ahead heuristic ",
journal = "European Journal of Operational Research ",
volume = "240",
number = "3",
pages = "837-847",
year = "2015",
note = "",
issn = "0377-2217",
doi = "10.1016/j.ejor.2014.07.038",
url = "http://www.sciencedirect.com/science/article/pii/S0377221714006043",
author = "Bo Jin and Wenbin Zhu and Andrew Lim",
}

@article{exp2014,
title = "A domain-specific knowledge-based heuristic for the Blocks Relocation Problem ",
journal = "Advanced Engineering Informatics ",
volume = "28",
number = "4",
pages = "327-343",
year = "2014",
note = "",
issn = "1474-0346",
doi = "10.1016/j.aei.2014.03.003",
url = "http://www.sciencedirect.com/science/article/pii/S1474034614000196",
author = "Christopher Exp\'osito-Izquierdo and Bel\'en Meli\'an-Batista and J. Marcos Moreno-Vega",
}


