@book{UNCTD2015review,
author = {{United Nations Conference on Trade and Development (UNCTAD)}},
title = {Review of Maritime Transport 2014},
publisher = {United Nations Publications},
year = {2015},
isbn = {978-92-1-112878-9}
}

@article{Vis20031,
title = "Transshipment of containers at a container terminal: An overview ",
journal = "European Journal of Operational Research ",
volume = "147",
number = "1",
pages = "1-16",
year = "2003",
note = "",
issn = "0377-2217",
doi = "http://dx.doi.org/10.1016/S0377-2217(02)00293-X",
url = "http://www.sciencedirect.com/science/article/pii/S037722170200293X",
author = "Iris F. A. Vis and Ren{\'e} de Koster",
keywords = "Logistics",
keywords = "Container terminal",
keywords = "Literature overview",
keywords = "Material handling equipment "
}

@article{Steenken2004,
year={2004},
issn={0171-6468},
journal={OR Spectrum},
volume={26},
number={1},
doi={10.1007/s00291-003-0157-z},
title={Container terminal operation and operations research - a classification and literature review},
url={http://dx.doi.org/10.1007/s00291-003-0157-z},
publisher={Springer-Verlag},
keywords={Container terminal; Logistics; Planning; Optimization; Heuristics; Simulation},
author={Steenken, Dirk and Vo{\ss}, Stefan and Stahlbock, Robert},
pages={3-49},
language={English}
}

@article{Stahlbock2008,
year={2008},
issn={0171-6468},
journal={OR Spectrum},
volume={30},
number={1},
doi={10.1007/s00291-007-0100-9},
title={Operations research at container terminals: a literature update},
url={http://dx.doi.org/10.1007/s00291-007-0100-9},
publisher={Springer-Verlag},
keywords={Container terminal; Logistics; Planning; Optimization; Simulation},
author={Stahlbock, Robert and Vo{\ss}, Stefan},
pages={1-52},
language={English}
}

@incollection{Kim2015,
year={2015},
isbn={978-3-319-11890-1},
booktitle={Handbook of Ocean Container Transport Logistics},
volume={220},
series={International Series in Operations Research \& Management Science},
editor={Lee, Chung-Yee and Meng, Qiang},
doi={10.1007/978-3-319-11891-8_2},
title={Container Terminal Operation: Current Trends and Future Challenges},
url={http://dx.doi.org/10.1007/978-3-319-11891-8_2},
publisher={Springer International Publishing},
author={Kim, Kap Hwan and Lee, Hoon},
pages={43-73},
language={English}
}


@article{Bierwirth2010615,
title = "A survey of berth allocation and quay crane scheduling problems in container terminals ",
journal = "European Journal of Operational Research ",
volume = "202",
number = "3",
pages = "615-627",
year = "2010",
note = "",
issn = "0377-2217",
doi = "http://dx.doi.org/10.1016/j.ejor.2009.05.031",
url = "http://www.sciencedirect.com/science/article/pii/S0377221709003579",
author = "Christian Bierwirth and Frank Meisel",
keywords = "Container terminal operations",
keywords = "Berth allocation",
keywords = "Quay crane assignment",
keywords = "Quay crane scheduling",
keywords = "Problem classification",
keywords = "Integrated planning "
}



@article{Jang2013256,
title = "The optimization of mixed block stacking requiring relocations ",
journal = "International Journal of Production Economics ",
volume = "143",
number = "2",
pages = "256-262",
year = "2013",
issn = "0925-5273",
doi = "http://dx.doi.org/10.1016/j.ijpe.2012.06.033",
url = "http://www.sciencedirect.com/science/article/pii/S0925527312002782",
author = "Dong-Won Jang and Se Won Kim and Kap Hwan Kim",
keywords = "Relocations",
keywords = "Storage location",
keywords = "Genetic algorithm",
keywords = "Block stacking system "
}


@article{Kim200089,
title = "Deriving decision rules to locate export containers in container yards ",
journal = "European Journal of Operational Research ",
volume = "124",
number = "1",
pages = "89-101",
year = "2000",
note = "",
issn = "0377-2217",
doi = "http://dx.doi.org/10.1016/S0377-2217(99)00116-2",
url = "http://www.sciencedirect.com/science/article/pii/S0377221799001162",
author = "Kap Hwan Kim and Young Man Park and Kwang-Ryul Ryu",
keywords = "Transportation",
keywords = "Container terminal",
keywords = "Storage location",
keywords = "Dynamic programming",
keywords = "Decision tree "
}

@article{Zhang2010483,
title = "A note on deriving decision rules to locate export containers in container yards ",
journal = "European Journal of Operational Research ",
volume = "205",
number = "2",
pages = "483-485",
year = "2010",
note = "",
issn = "0377-2217",
doi = "http://dx.doi.org/10.1016/j.ejor.2009.12.016",
url = "http://www.sciencedirect.com/science/article/pii/S0377221709009448",
author = "Canrong Zhang and Weiwei Chen and Leyuan Shi and Li Zheng",
keywords = "Transportation",
keywords = "Container terminal",
keywords = "Storage location",
keywords = "Dynamic programming "
}


@article{Kang2006,
year={2006},
issn={0956-5515},
journal={Journal of Intelligent Manufacturing},
volume={17},
number={4},
doi={10.1007/s10845-005-0013-x},
title={Deriving stacking strategies for export containers with uncertain weight information},
url={http://dx.doi.org/10.1007/s10845-005-0013-x},
publisher={Kluwer Academic Publishers},
keywords={Container terminal; Container re-handling; Strategy search; Simulate annealing; Machine learning},
author={Kang, Jaeho and Ryu, Kwang Ryel and Kim, Kap Hwan},
pages={399-410},
language={English}
}

@article{Carlo2014412,
title = "Storage yard operations in container terminals: Literature overview, trends, and research directions ",
journal = "European Journal of Operational Research ",
volume = "235",
number = "2",
pages = "412-430",
year = "2014",
issn = "0377-2217",
doi = "http://dx.doi.org/10.1016/j.ejor.2013.10.054",
url = "http://www.sciencedirect.com/science/article/pii/S0377221713008771",
author = "H{\'e}ctor J. Carlo and Iris F. A. Vis and Kees Jan Roodbergen",
keywords = "Transportation",
keywords = "Container terminals",
keywords = "Literature overview",
keywords = "Yard operations",
keywords = "Material handling equipment",
keywords = "Stack "
}






@article{Lehnfeld2014297,
title = "Loading, unloading and premarshalling of stacks in storage areas: Survey and classification ",
journal = "European Journal of Operational Research ",
volume = "239",
number = "2",
pages = "297-312",
year = "2014",
note = "",
issn = "0377-2217",
doi = "http://dx.doi.org/10.1016/j.ejor.2014.03.011",
url = "http://www.sciencedirect.com/science/article/pii/S0377221714002252",
author = "Jana Lehnfeld and Sigrid Knust",
keywords = "Loading",
keywords = "Unloading",
keywords = "Premarshalling",
keywords = "Storage",
keywords = "Stack",
keywords = "Classification scheme "
}





@article{Lee20073295,
title = "An optimization model for the container pre-marshalling problem ",
journal = "Computers \& Operations Research ",
volume = "34",
number = "11",
pages = "3295-3313",
year = "2007",
note = "",
issn = "0305-0548",
doi = "http://dx.doi.org/10.1016/j.cor.2005.12.006",
url = "http://www.sciencedirect.com/science/article/pii/S030505480500403X",
author = "Yusin Lee and Nai-Yun Hsu",
keywords = "Network flows",
keywords = "Container pre-marshalling",
keywords = "Integer programming",
keywords = "Optimization "
}

@incollection{Caserta2009CPMP,
year={2009},
isbn={978-3-642-01128-3},
booktitle={Applications of Evolutionary Computing},
volume={5484},
series={Lecture Notes in Computer Science},
editor={Giacobini, Mario and Brabazon, Anthony and Cagnoni, Stefano and Di Caro, Gianni A. and Ek{\'a}rt, Anik{\'o} and Esparcia-Alc{\'a}zar, Anna Isabel and Farooq, Muddassar and Fink, Andreas and Machado, Penousal},
doi={10.1007/978-3-642-01129-0_89},
title={A Corridor Method-Based Algorithm for the Pre-marshalling Problem},
url={http://dx.doi.org/10.1007/978-3-642-01129-0_89},
publisher={Springer Berlin Heidelberg},
author={Caserta, Marco and Vo{\ss}, Stefan},
pages={788-797},
language={English}
}


@article{Lee2009468,
title = "A neighborhood search heuristic for pre-marshalling export containers ",
journal = "European Journal of Operational Research ",
volume = "196",
number = "2",
pages = "468-475",
year = "2009",
note = "",
issn = "0377-2217",
doi = "http://dx.doi.org/10.1016/j.ejor.2008.03.011",
url = "http://www.sciencedirect.com/science/article/pii/S0377221708002865",
author = "Yusin Lee and Shih-Liang Chao",
keywords = "Transportation",
keywords = "Logistics",
keywords = "Export container pre-marshalling",
keywords = "Integer programming",
keywords = "Neighborhood search "
}



@article{Bortfeldt2012CPMP,
title = "A tree search procedure for the container pre-marshalling problem ",
journal = "European Journal of Operational Research ",
volume = "217",
number = "3",
pages = "531-540",
year = "2012",
note = "",
issn = "0377-2217",
doi = "http://dx.doi.org/10.1016/j.ejor.2011.10.005",
url = "http://www.sciencedirect.com/science/article/pii/S0377221711009040",
author = "Andreas Bortfeldt and Florian Forster",
keywords = "Transportation",
keywords = "Logistics",
keywords = "Seaport",
keywords = "Container pre-marshalling",
keywords = "Tree search "
}

@article{ExpositoIzquierdo20128337,
title = "Pre-Marshalling Problem: Heuristic solution method and instances generator ",
journal = "Expert Systems with Applications ",
volume = "39",
number = "9",
pages = "8337-8349",
year = "2012",
note = "",
issn = "0957-4174",
doi = "http://dx.doi.org/10.1016/j.eswa.2012.01.187",
url = "http://www.sciencedirect.com/science/article/pii/S0957417412002151",
author = "Christopher Exp{\'o}sito-Izquierdo and Bel{\'e}n Meli{\'a}n-Batista and Marcos Moreno-Vega",
keywords = "Container terminal",
keywords = "Pre-Marshalling Problem",
keywords = "Heuristics",
keywords = "Instances generator "
}

@article{Wang201567,
title = "Target-guided algorithms for the container pre-marshalling problem ",
journal = "Omega ",
volume = "53",
pages = "67-77",
year = "2015",
note = "",
issn = "0305-0483",
doi = "http://dx.doi.org/10.1016/j.omega.2014.12.002",
url = "http://www.sciencedirect.com/science/article/pii/S0305048314001571",
author = "Ning Wang and Bo Jin and Andrew Lim",
keywords = "Container pre-marshalling problem",
keywords = "Target-guided algorithm",
keywords = "Dummy stack "
}

@article{Caserta2011,
year={2011},
issn={0171-6468},
journal={OR Spectrum},
volume={33},
number={4},
doi={10.1007/s00291-009-0176-5},
title={Applying the corridor method to a blocks relocation problem},
url={http://dx.doi.org/10.1007/s00291-009-0176-5},
publisher={Springer-Verlag},
keywords={Metaheuristics; Corridor method; Dynamic programming; Blocks relocation},
author={Caserta, Marco and Vo{\ss}, Stefan and Sniedovich, Moshe},
pages={915-929},
language={English}
}


@article{Yang2006,
year={2006},
issn={0956-5515},
journal={Journal of Intelligent Manufacturing},
volume={17},
number={4},
doi={10.1007/s10845-005-0018-5},
title={A grouped storage method for minimizing relocations in block stacking systems},
url={http://dx.doi.org/10.1007/s10845-005-0018-5},
publisher={Kluwer Academic Publishers},
keywords={Relocation; Block stacking; Storage location; Genetic algorithm; Heuristic rule},
author={Yang, Jee Hyun and Kim, Kap Hwan},
pages={453-463},
language={English}
}


@article{deCastillo1993151,
title = "Handling strategies for import containers at marine terminals ",
journal = "Transportation Research Part B: Methodological ",
volume = "27",
number = "2",
pages = "151-166",
year = "1993",
note = "",
issn = "0191-2615",
doi = "http://dx.doi.org/10.1016/0191-2615(93)90005-U",
url = "http://www.sciencedirect.com/science/article/pii/019126159390005U",
author = "Bernardo de Castillo and Carlos F. Daganzo"
}



@article{KapHwanKim1997701,
title = "Evaluation of the number of rehandles in container yards ",
journal = "Computers \& Industrial Engineering ",
volume = "32",
number = "4",
pages = "701-711",
year = "1997",
issn = "0360-8352",
doi = "http://dx.doi.org/10.1016/S0360-8352(97)00024-7",
url = "http://www.sciencedirect.com/science/article/pii/S0360835297000247",
author = "Kap Hwan Kim"
}

@article{Kim2006940,
title = "A heuristic rule for relocating blocks ",
journal = "Computers \& Operations Research ",
volume = "33",
number = "4",
pages = "940-954",
year = "2006",
issn = "0305-0548",
doi = "http://dx.doi.org/10.1016/j.cor.2004.08.005",
url = "http://www.sciencedirect.com/science/article/pii/S0305054804001959",
author = "Kap Hwan Kim and Gyu-Pyo Hong",
keywords = "Relocation",
keywords = "Block stacking",
keywords = "Branch and bound algorithm",
keywords = "Heuristic rule "
}


@article{Zhu2012, 
author={Wenbin Zhu and Hu Qin and Lim, A. and Huidong Zhang}, 
journal={Automation Science and Engineering, IEEE Transactions on}, 
title={Iterative Deepening {A\star} Algorithms for the Container Relocation Problem}, 
year={2012}, 
month={Oct}, 
volume={9}, 
number={4}, 
pages={710-722}, 
keywords={containerisation;facility location;iterative methods;branch and bound algorithm;container relocation problem;iterative deepening A* algorithm;lower bound heuristics;lower bound measure;Algorithm design and analysis;Iterative algorithms;Throughput;Container relocation problem;container yard operation;iterative deepening A*}, 
doi={10.1109/TASE.2012.2198642}, 
ISSN={1545-5955}
}


@article{Forster2012CRP,
title = "A tree search procedure for the container relocation problem ",
journal = "Computers \& Operations Research ",
volume = "39",
number = "2",
pages = "299-309",
year = "2012",
note = "",
issn = "0305-0548",
doi = "http://dx.doi.org/10.1016/j.cor.2011.04.004",
url = "http://www.sciencedirect.com/science/article/pii/S0305054811001055",
author = "Florian Forster and Andreas Bortfeldt",
keywords = "Transportation",
keywords = "Logistics",
keywords = "Seaport",
keywords = "Container relocation problem",
keywords = "Tree search "
}

@article{Lee20101139,
title = "A heuristic for retrieving containers from a yard ",
journal = "Computers \& Operations Research ",
volume = "37",
number = "6",
pages = "1139-1147",
year = "2010",
note = "",
issn = "0305-0548",
doi = "http://dx.doi.org/10.1016/j.cor.2009.10.005",
url = "http://www.sciencedirect.com/science/article/pii/S0305054809002433",
author = "Yusin Lee and Yen-Ju Lee",
keywords = "Container terminal",
keywords = "Container retrieval",
keywords = "Integer programming",
keywords = "Neighborhood search "
}


@incollection{Forster2012Retrieval,
year={2012},
isbn={978-3-642-29209-5},
booktitle={Operations Research Proceedings 2011},
series={Operations Research Proceedings},
editor={Klatte, Diethard and L{\"u}thi, Hans-Jakob and Schmedders, Karl},
doi={10.1007/978-3-642-29210-1_41},
title={A tree search heuristic for the container retrieval problem},
url={http://dx.doi.org/10.1007/978-3-642-29210-1_41},
publisher={Springer Berlin Heidelberg},
author={Forster, Florian and Bortfeldt, Andreas},
pages={257-262},
language={English}
}

@incollection{Caserta2009CRP1,
year={2009},
isbn={978-3-642-03210-3},
booktitle={Nature Inspired Cooperative Strategies for Optimization (NICSO 2008)},
volume={236},
series={Studies in Computational Intelligence},
editor={Krasnogor, Natalio and Meli{\'a}n-Batista, Mar{\'i}a Bel{\'e}n and P{\'e}rez, Jos{\'e} Andr{\'e}s Moreno and Moreno-Vega, J. Marcos and Pelta, David Alejandro},
doi={10.1007/978-3-642-03211-0_23},
title={A Cooperative Strategy for Guiding the Corridor Method},
url={http://dx.doi.org/10.1007/978-3-642-03211-0_23},
publisher={Springer Berlin Heidelberg},
author={Caserta, Marco and Vo{\ss}, Stefan},
pages={273-286},
language={English}
}

@incollection{Caserta2009CRP2,
year={2009},
isbn={978-3-642-11168-6},
booktitle={Learning and Intelligent Optimization},
volume={5851},
series={Lecture Notes in Computer Science},
editor={St{\"u}tzle, Thomas},
doi={10.1007/978-3-642-11169-3_12},
title={Corridor Selection and Fine Tuning for the Corridor Method},
url={http://link.springer.com/chapter/10.1007/978-3-642-11169-3_12},
publisher={Springer Berlin Heidelberg},
author={Caserta, Marco and Vo{\ss}, Stefan},
pages={163-175},
language={English}
}



    
@article{Wilson1999,
year={1999},
issn={1381-1231},
journal={Journal of Heuristics},
volume={5},
number={4},
doi={10.1023/A:1009680305670},
title={Principles of Combinatorial Optimization Applied to Container-Ship Stowage Planning},
url={http://dx.doi.org/10.1023/A:1009680305670},
publisher={Kluwer Academic Publishers},
keywords={automation; container stowage; heuristic; planning; search; sea transport},
author={Wilson, I. D. and Roach, P. A.},
pages={403-418},
language={English}
}

@article{Wilson2000,
title = {Container Stowage Planning: A Methodology for Generating Computerised Solutions},
author = {Wilson, I. D. and Roach, P. A.},
journal = {Journal of the Operational Research Society},
volume = {51},
number = {11},
pages = {1248-1255},
url = {http://www.jstor.org/stable/254210},
year = {2000},
}
    


@article{Wilson2001,
title = "Container stowage pre-planning: using search to generate solutions, a case study ",
journal = "Knowledge-Based Systems ",
volume = "14",
number = "3–4",
pages = "137-145",
year = "2001",
note = "",
issn = "0950-7051",
doi = "http://dx.doi.org/10.1016/S0950-7051(01)00090-9",
url = "http://www.sciencedirect.com/science/article/pii/S0950705101000909",
author = "I. D. Wilson and P. A. Roach and J. A. Ware",
keywords = "Planning",
keywords = "Transportation",
keywords = "Container "
}

@article{Sciomachen2003,
author = {Sciomachen, Anna and Tanfani, Elena}, 
title = {The master bay plan problem: a solution method based on its connection to the three‐dimensional bin packing problem},
volume = {14}, 
number = {3}, 
pages = {251-269}, 
year = {2003}, 
doi = {10.1093/imaman/14.3.251}, 
URL = {http://imaman.oxfordjournals.org/content/14/3/251.abstract}, 
journal = {IMA Journal of Management Mathematics} 
}

@article{Sciomachen20071433,
title = "A {3D-BPP} approach for optimising stowage plans and terminal productivity ",
journal = "European Journal of Operational Research ",
volume = "183",
number = "3",
pages = "1433-1446",
year = "2007",
note = "",
issn = "0377-2217",
doi = "http://dx.doi.org/10.1016/j.ejor.2005.11.067",
url = "http://www.sciencedirect.com/science/article/pii/S0377221706003158",
author = "Anna Sciomachen and Elena Tanfani",
keywords = "Three-dimensional bin packing problem",
keywords = "Ship loading",
keywords = "Terminal efficiency",
keywords = "Heuristic methods "
}


@article{Ambrosino200481,
title = "Stowing a containership: the master bay plan problem ",
journal = "Transportation Research Part A: Policy and Practice ",
volume = "38",
number = "2",
pages = "81-99",
year = "2004",
note = "",
issn = "0965-8564",
doi = "http://dx.doi.org/10.1016/j.tra.2003.09.002",
url = "http://www.sciencedirect.com/science/article/pii/S0965856403000892",
author = "Daniela Ambrosino and Anna Sciomachen and Elena Tanfani",
keywords = "Logistics",
keywords = "Maritime container terminal",
keywords = "Ship planning",
keywords = "Linear programming",
keywords = "Heuristic procedure "
}

@article{Ambrosino2006,
year={2006},
issn={1381-1231},
journal={Journal of Heuristics},
volume={12},
number={3},
doi={10.1007/s10732-006-5905-1},
title={A decomposition heuristics for the container ship stowage problem},
url={http://dx.doi.org/10.1007/s10732-006-5905-1},
publisher={Kluwer Academic Publishers},
keywords={Stowage plan; Heuristic algorithm; Local search; 0/1 linear programming},
author={Ambrosino, Daniela and Sciomachen, Anna and Tanfani, Elena},
pages={211-233},
language={English}
}

@incollection{Ambrosino2010,
year={2010},
isbn={978-3-642-13192-9},
booktitle={Experimental Algorithms},
volume={6049},
series={Lecture Notes in Computer Science},
editor={Festa, Paola},
doi={10.1007/978-3-642-13193-6_27},
title={An Experimental Comparison of Different Heuristics for the Master Bay Plan Problem},
url={http://dx.doi.org/10.1007/978-3-642-13193-6_27},
publisher={Springer Berlin Heidelberg},
keywords={heuristics; metaheuristics; stowage plans},
author={Ambrosino, Daniela and Anghinolfi, Davide and Paolucci, Massimo and Sciomachen, Anna},
pages={314-325},
language={English}
}



@phdthesis{Aslidis1989,
author ="Aslidis, Anastasios Haralampos",
year ="1989",
title="Combinatorial algorithms for stacking problems",
school="Department of Ocean Engineering, Massachusetts Institute of Technology",
url="http://dspace.mit.edu/handle/1721.1/33478",
}


@article{Avriel1993271,
title = "Exact and approximate solutions of the container ship stowage problem ",
journal = "Computers \& Industrial Engineering ",
volume = "25",
number = "1–4",
pages = "271-274",
year = "1993",
note = "",
issn = "0360-8352",
doi = "http://dx.doi.org/10.1016/0360-8352(93)90273-Z",
url = "http://www.sciencedirect.com/science/article/pii/036083529390273Z",
author = "Mordecai Avriel and Michal Penn"
}

@article{Avriel2000Comlexity,
title = "Container ship stowage problem: complexity and connection to the coloring of circle graphs ",
journal = "Discrete Applied Mathematics ",
volume = "103",
number = "1–3",
pages = "271-279",
year = "2000",
note = "",
issn = "0166-218X",
doi = "http://dx.doi.org/10.1016/S0166-218X(99)00245-0",
url = "http://www.sciencedirect.com/science/article/pii/S0166218X99002450",
author = "Mordecai Avriel and Michal Penn and Naomi Shpirer"
}

@article{Avriel1998Suspensory,
year={1998},
issn={0254-5330},
journal={Annals of Operations Research},
volume={76},
doi={10.1023/A:1018956823693},
title={Stowage planning for container ships to reduce the number of shifts},
url={http://dx.doi.org/10.1023/A:1018956823693},
publisher={Kluwer Academic Publishers},
author={Avriel, Mordecai and Penn, Michal and Shpirer, Naomi and Witteboon, Smadar},
pages={55-71},
language={English}
}




@article{Malucelli20083248,
title = "The stack loading and unloading problem ",
journal = "Discrete Applied Mathematics ",
volume = "156",
number = "17",
pages = "3248-3266",
year = "2008",
issn = "0166-218X",
doi = "http://dx.doi.org/10.1016/j.dam.2008.05.020",
url = "http://www.sciencedirect.com/science/article/pii/S0166218X08002291",
author = "Federico Malucelli and Stefano Pallottino and Daniele Pretolani",
keywords = "Stowage problems",
keywords = "Dynamic programming",
keywords = "Computational complexity "
}


@article{Dubrovsky2002,
year={2002},
issn={1381-1231},
journal={Journal of Heuristics},
volume={8},
number={6},
doi={10.1023/A:1020373709350},
title={A Genetic Algorithm with a Compact Solution Encoding for the Container Ship Stowage Problem},
url={http://dx.doi.org/10.1023/A:1020373709350},
publisher={Kluwer Academic Publishers},
keywords={ship stowage; genetic algorithm; compact solution encoding},
author={Dubrovsky, Opher and Levitin, Gregory and Penn, Michal},
pages={585-599},
language={English}
}
