
@article{Bierwirth2015,
title = "A follow-up survey of berth allocation and quay crane scheduling problems in container terminals",
journal = "European Journal of Operational Research",
volume = "244",
number = "3",
pages = "675 - 689",
year = "2015",
author = "Christian Bierwirth and Frank Meisel",
}

@article{bort2012,
title = "A tree search procedure for the container pre-marshalling problem ",
journal = "European Journal of Operational Research ",
volume = "217",
number = "3",
pages = "531-540",
year = "2012",
note = "",
issn = "0377-2217",
doi = "10.1016/j.ejor.2011.10.005",
url = "http://www.sciencedirect.com/science/article/pii/S0377221711009040",
author = "Andreas Bortfeldt and Florian Forster",
}

@article{carlo2014,
title = "Storage yard operations in container terminals: Literature overview, trends, and research directions ",
journal = "European Journal of Operational Research ",
volume = "235",
number = "2",
pages = "412-430",
year = "2014",
issn = "0377-2217",
doi = "10.1016/j.ejor.2013.10.054",
url = "http://www.sciencedirect.com/science/article/pii/S0377221713008771",
author = "H\'ector J. Carlo and Iris F. A. Vis and Kees Jan Roodbergen",
}

@incollection{cas2009,
year={2009},
isbn={978-3-642-01128-3},
booktitle={Applications of Evolutionary Computing},
volume={5484},
series={Lecture Notes in Computer Science},
editor={Giacobini, Mario and Brabazon, Anthony and Cagnoni, Stefano and Di Caro, Gianni A. and Ek\'art, Anik\'o and Esparcia-Alc\'azar, Anna Isabel and Farooq, Muddassar and Fink, Andreas and Machado, Penousal},
doi={10.1007/978-3-642-01129-0_89},
title={A Corridor Method-Based Algorithm for the Pre-marshalling Problem},
url={http://link.springer.com/chapter/10.1007/978-3-642-01129-0_89},
publisher={Springer Berlin Heidelberg},
author={Caserta, Marco and Vo{\ss}, Stefan},
pages={788-797},
language={English}
}

@article{cas2011,
year={2011},
issn={0171-6468},
journal={OR Spectrum},
volume={33},
number={4},
doi={10.1007/s00291-009-0176-5},
title={Applying the corridor method to a blocks relocation problem},
url={http://link.springer.com/article/10.1007/s00291-009-0176-5},
publisher={Springer-Verlag},
author={Caserta, Marco and Vo{\ss}, Stefan and Sniedovich, Moshe},
pages={915-929},
language={English}
}


@article{Dayama2014,
title = "Approaches for solving the container stacking problem with route distance minimization and stack rearrangement considerations",
journal = "Computers \& Operations Research ",
volume = "52, Part A",
number = "",
pages = "68 - 83",
year = "2014",
author = "Niraj Ramesh Dayama and Mohan Krishnamoorthy and Andreas Ernst and Vishnu Narayanan and Narayan Rangaraj",
}


@article{exp2012,
title = "Pre-Marshalling Problem: Heuristic solution method and instances generator",
journal = "Expert Systems with Applications",
volume = "39",
number = "9",
pages = "8337-8349",
year = "2012",
author = "Christopher Exp\'osito-Izquierdo and Bel\'en Meli\'an-Batista and Marcos Moreno-Vega",
}

@article{exp2014,
title = "A domain-specific knowledge-based heuristic for the Blocks Relocation Problem ",
journal = "Advanced Engineering Informatics ",
volume = "28",
number = "4",
pages = "327-343",
year = "2014",
author = "Christopher Exp\'osito-Izquierdo and Bel\'en Meli\'an-Batista and J. Marcos Moreno-Vega",
}

@article{forster2012,
title = "A tree search procedure for the container relocation problem ",
journal = "Computers \& Operations Research ",
volume = "39",
number = "2",
pages = "299-309",
year = "2012",
author = "Florian Forster and Andreas Bortfeldt",
}


@INPROCEEDINGS{Gheith2014,
 author={Gheith, M.S. and Eltawil, A.B. and Harraz, N.A.},
 booktitle={IEEE International Conference on Industrial Engineering and Engineering Management (IEEM)},
 title={A rule-based heuristic procedure for the container pre-marshalling problem},
 year={2014},
 pages={662-666},
 month={Dec},
 }

@article{Gheith2015,
author = {Gheith, M.S. and Eltawil, A.B. and Harraz, N.A.},
title = {Solving the container pre-marshalling problem using variable length genetic algorithms},
journal = {Engineering Optimization},
volume = {47},
pages = {1-19},
year = {2015},
}


@article{Huang2012,
title = "Heuristic algorithms for container pre-marshalling problems",
journal = "Computers \& Industrial Engineering",
volume = "62",
number = "1",
pages = "13 - 20",
year = "2012",
author = "Shan-Huen Huang and Tsan-Hwan Lin",
}

@incollection{jin2013,
year={2013},
booktitle={Recent Trends in Applied Artificial Intelligence},
volume={7906},
series={Lecture Notes in Computer Science},
editor={Ali, Moonis and Bosse, Tibor and Hindriks, Koen V. and Hoogendoorn, Mark and Jonker, Catholijn M. and Treur, Jan},
title={A Greedy Look-Ahead Heuristic for the Container Relocation Problem},
publisher={Springer Berlin Heidelberg},
author={Jin, Bo and Lim, Andrew and Zhu, Wenbin},
pages={181-190},
}


@article{jin2015,
title = "Solving the container relocation problem by an improved greedy look-ahead heuristic ",
journal = "European Journal of Operational Research ",
volume = "240",
number = "3",
pages = "837-847",
year = "2015",
author = "Bo Jin and Wenbin Zhu and Andrew Lim",
}

@article{Jovanovic2014achain,
title = "A chain heuristic for the Blocks Relocation Problem ",
journal = "Computers \& Industrial Engineering ",
volume = "75",
pages = "79 - 86",
year = "2014",
author = "Raka Jovanovic and Stefan Vo{\ss}",
}


@article{jovanovic2014,
  title={A multi-heuristic approach for solving the pre-marshalling problem},
  author={Jovanovic, Raka and Tuba, Milan and Vo{\ss}, Stefan},
  journal={Central European Journal of Operations Research},
  year={2014},
  pages = {1-28},
}

@incollection{kim2015,
year={2015},
booktitle={Handbook of Ocean Container Transport Logistics},
volume={220},
series={International Series in Operations Research \& Management Science},
editor={Lee, Chung-Yee and Meng, Qiang},
title={Container Terminal Operation: Current Trends and Future Challenges},
publisher={Springer International Publishing},
author={Kim, Kap Hwan and Lee, Hoon},
pages={43-73},
}


@article{lee2007,
title = "An optimization model for the container pre-marshalling problem",
journal = "Computers \& Operations Research",
volume = "34",
number = "11",
pages = "3295-3313",
year = "2007",
author = "Yusin Lee and Nai-Yun Hsu",
}

@article{lee2009,
title = "A neighborhood search heuristic for pre-marshalling export containers",
journal = "European Journal of Operational Research",
volume = "196",
number = "2",
pages = "468-475",
year = "2009",
author = "Yusin Lee and Shih-Liang Chao",
}

@article{lehnfeld2014,
title = "Loading, unloading and premarshalling of stacks in storage areas: Survey and classification ",
journal = "European Journal of Operational Research ",
volume = "239",
number = "2",
pages = "297-312",
year = "2014",
author = "Jana Lehnfeld and Sigrid Knust",
}

@article{rendl2013,
  title={Constraint Models for the Container Pre-Marshaling Problem},
  author={Rendl, Andrea and Prandtstetter, Matthias},
  journal={ModRef},
  volume={2013},
  pages={12th},
  year={2013}
}

@inproceedings{tierney2014,
  title={Solving the pre-marshalling problem to optimality with {A*} and {IDA*}},
  author={Tierney, Kevin and Pacino, Dario and Vo{\ss}, Stefan},
  booktitle={Conference of the International Federation of Operational Research Societies.},
  year={2014}
}

@incollection{van2014,
year={2014},
booktitle={Algorithms - ESA},
volume={8737},
series={Lecture Notes in Computer Science},
editor={Schulz, AndreasS. and Wagner, Dorothea},
title={A Branch and price procedure for the container premarshalling problem},
publisher={Springer Berlin Heidelberg},
author={van Brink, Martijn and van der Zwaan, Ruben},
pages={798-809},
}


@article{wang2015,
title = "Target-guided algorithms for the container pre-marshalling problem ",
journal = "Omega ",
volume = "53",
number = "",
pages = "67-77",
year = "2015",
author = "Ning Wang and Bo Jin and Andrew Lim",
}

@phdthesis{wang2014,
author = {Ning Wang},
title = {Optimization Study on Container Operations in Maritime Transportation},
school = {City University of Hong Kong},
year = {2014},
address = {Hong Kong},
month ={July},
}
